% Cheatsheet: http://tug.ctan.org/info/biblatex-cheatsheet/biblatex-cheatsheet.pdf
% Documentation: https://mirror.marwan.ma/ctan/macros/latex/contrib/biblatex/doc/biblatex.pdf

@book{vujanovic1980,
    author    = {Vujanović, B.},
    title     = {Metodi optimizacije},
    publisher = {Műszaki Tudományok Kara, Újvidéki Egyetem},
    address   = {Újvidék},
    year      = {1980}
}

@article{dorigo2007,
    author = {Dorigo, Marco and Birattari, Mauro},
    title = {Swarm intelligence},
    year = {2007},
    doi = {10.4249/scholarpedia.1462},
    journaltitle = {Scholarpedia}
}

@article{dorigo2008,
    author = {Dorigo, Marco and {A. Montes de Oca}, Marco and Engelbrecht, Andries},
    title = {Particle swarm optimization},
    year = {2008},
    doi = {10.4249/scholarpedia.1486},
    journaltitle = {Scholarpedia}
}

@article{holland2012,
    author = {Holland, {John H.}},
    title = {Genetic algorithms},
    year = {2012},
    doi = {10.4249/scholarpedia.1482},
    journaltitle = {Scholarpedia}
}

@book{kanovic2017,
    author    = {Kanović, Željko and Jeličić, Zoran and Rapaić, Milan},
    title     = {Evolutivni optimizacioni algoritmi u inženjerskoj praksi},
    publisher = {Műszaki Tudományok Kara, Újvidéki Egyetem},
    address   = {Újvidék},
    year      = {2017}
}

@unpublished{rapaic2019,
    author = {Rapaić, Milan},
    title = {Evolúciós algoritmusok},
    year = {2019},
    location = {Újvidék},
    note = {jegyzetek az előadásról}
}

@inbook{almeida2019,
    author = {{Seixas Gomes de Almeida}, {Bruno} and {Coppo Leite}, Victor},
    title = {Particle Swarm Optimization: A Powerful Technique for Solving Engineering Problems},
    booktitle = {Swarm Intelligence - Recent Advances, New Perspectives and Applications},
    year = {2019},
    doi = {10.5772/intechopen.89633}
}

@software{matlab2016,
    title = {Matlab 2016 - Optimization Toolbox},
    author = {Mathworks},
    year = {2016}
}

@software{kissjs2020,
    author = {Kiss, Gergely},
    title = {Részecske-raj optimalizáció JavaScript algoritmus},
    year = {2020},
    url = {https://gregvader.github.io/pso-algoritmus-js/},
    urldate = {2020-11-01}
}

@software{kisspy2020,
    author = {Kiss, Gergely},
    title = {Részecske-raj optimalizáció Python algoritmus},
    year = {2020},
    url = {https://github.com/gregVader/pso-algoritmus},
    urldate = {2020-11-01}
}

@online{wikipedia2020,
    title = {Sztochasztikus folyamat},
    author = {{Wikipedia -- A szabad enciklopédia}},
    year = {2020},
    url = {https://hu.wikipedia.org/wiki/Sztochasztikus_folyamat},
    urldate = {2020-10-10}

}
